@article{kerr1998,
  title={HARKing: Hypothesizing after the results are known},
  author={Kerr, Norbert L},
  journal={Personality and social psychology review},
  volume={2},
  number={3},
  pages={196--217},
  year={1998},
  publisher={Sage Publications Sage CA: Los Angeles, CA}
}
@article{sarewitz1999,
  title={Prediction in science and policy},
  author={Sarewitz, Daniel and Pielke, Roger},
  journal={Technology in Society},
  volume={21},
  number={2},
  pages={121--133},
  year={1999},
  publisher={Elsevier}
}

@article{hofstadter1951,
  title={Explanation and necessity},
  author={Hofstadter, Albert},
  journal={Philosophy and Phenomenological Research},
  volume={11},
  number={3},
  pages={339--347},
  year={1951},
  publisher={JSTOR}
}

@article{kubinec2019,
  title={Generalized Ideal Point Models for Time-Varying and Missing-Data Inference},
  author={Kubinec, Robert},
  year={2019},
  publisher={OSF Preprints}
}


@article{wang2019,
  title={A simple method to estimate prediction intervals and predictive distributions: Summarizing meta-analyses beyond means and confidence intervals},
  author={Wang, Chia-Chun and Lee, Wen-Chung},
  journal={Research synthesis methods},
  volume={10},
  number={2},
  pages={255--266},
  year={2019},
  publisher={Wiley Online Library}
}

@article{inthout2016,
  title={Plea for routinely presenting prediction intervals in meta-analysis},
  author={IntHout, Joanna and Ioannidis, John PA and Rovers, Maroeska M and Goeman, Jelle J},
  journal={BMJ open},
  volume={6},
  number={7},
  pages={e010247},
  year={2016},
  publisher={British Medical Journal Publishing Group}
}

@manual{rcoreteam2019,
    title = {R: A Language and Environment for Statistical Computing},
    author = {{R Core Team}},
    organization = {R Foundation for Statistical Computing},
    address = {Vienna, Austria},
    year = {2019},
    url = {https://www.R-project.org/},
}

@misc{cmdstan2018,
  title={CmdStan: the command-line interfact to Stan. Version 2.23.0.},
  author={{Stan Development Team} and others},
  year={2018},
  url={http://mc-stan.org}
}

@article{stan2018,
  title={Stan modeling language user’s guide and reference manual, version 2.18. 0},
  author={{Stan Development Team}},
  year={2018}
}


@book{kruschke2014,
  title={Doing Bayesian data analysis: A tutorial with R, JAGS, and Stan},
  author={Kruschke, John},
  year={2014},
  publisher={Academic Press}
}

@article{bagozzi2012,
  title={A mixture model for middle category inflation in ordered survey responses},
  author={Bagozzi, Benjamin E and Mukherjee, Bumba},
  journal={Political Analysis},
  volume={20},
  number={3},
  pages={369--386},
  year={2012},
  publisher={Cambridge University Press}
}

@article{kelley2008,
  title={Zero inflation in ordinal data: incorporating susceptibility to response through the use of a mixture model},
  author={Kelley, Mary E and Anderson, Stewart J},
  journal={Statistics in medicine},
  volume={27},
  number={18},
  pages={3674--3688},
  year={2008},
  publisher={Wiley Online Library}
}

@article{lambert1992,
  title={Zero-inflated Poisson regression, with an application to defects in manufacturing},
  author={Lambert, Diane},
  journal={Technometrics},
  volume={34},
  number={1},
  pages={1--14},
  year={1992},
  publisher={Taylor \& Francis}
}

@article{tseng2016,
  title={Longitudinal data analysis with non-ignorable missing data},
  author={Tseng, Chi-hong and Elashoff, Robert and Li, Ning and Li, Gang},
  journal={Statistical methods in medical research},
  volume={25},
  number={1},
  pages={205--220},
  year={2016},
  publisher={SAGE Publications Sage UK: London, England}
}

@article{vonesh2006,
  title={Shared parameter models for the joint analysis of longitudinal data and event times},
  author={Vonesh, Edward F and Greene, Tom and Schluchter, Mark D},
  journal={Statistics in medicine},
  volume={25},
  number={1},
  pages={143--163},
  year={2006},
  publisher={Wiley Online Library}
}

@article{cleasby2015,
  title={Quantifying the predictability of behaviour: statistical approaches for the study of between-individual variation in the within-individual variance},
  author={Cleasby, Ian R and Nakagawa, Shinichi and Schielzeth, Holger},
  journal={Methods in Ecology and Evolution},
  volume={6},
  number={1},
  pages={27--37},
  year={2015},
  publisher={Wiley Online Library}
}

@article{goold2017modelling,
  title={Modelling personality, plasticity and predictability in shelter dogs},
  author={Goold, Conor and Newberry, Ruth C},
  journal={Royal Society open science},
  volume={4},
  number={9},
  pages={170618},
  year={2017},
  publisher={The Royal Society Publishing}
}

@article{goold2017aggressiveness,
  title={Aggressiveness as a latent personality trait of domestic dogs: testing measurement invariance and local independence},
  author={Goold, Conor Michael and Newberry, Ruth C},
  year={2017}
}

@misc{ASPCA2018,
  author = {ASPCA},
  title = {Position statement on shelter dog behavior assessments},
  year = {2018},
  note = "{Online; accessed 13-May-2020}",
  howpublished = "\url{https://www.aspca.org/about-us/aspca-policy-and-position-statements/position-statement-shelter-dog-behavior-assessments}"
}

@article{maul2016,
  title={On the philosophical foundations of psychological measurement},
  author={Maul, Andrew and Irribarra, David Torres and Wilson, Mark},
  journal={Measurement},
  volume={79},
  pages={311--320},
  year={2016},
  publisher={Elsevier}
}

@inproceedings{borsboom2009,
  title={The end of construct validity.},
  author={Borsboom, Denny and Cramer, Ang{\'e}lique OJ and Kievit, Rogier A and Scholten, Annemarie Zand and Frani{\'c}, Sanja},
  booktitle={The Concept of Validity: Revisions, New Directions and Applications, Oct, 2008},
  year={2009},
  organization={IAP Information Age Publishing}
}

@article{borsboom2004,
  title={The concept of validity.},
  author={Borsboom, Denny and Mellenbergh, Gideon J and Van Heerden, Jaap},
  journal={Psychological review},
  volume={111},
  number={4},
  pages={1061},
  year={2004},
  publisher={American Psychological Association}
}

@article{mornement2014,
  title={Development of the behavioural assessment for re-homing K9's (BARK) protocol},
  author={Mornement, Kate M and Coleman, Grahame J and Toukhsati, Samia and Bennett, Pauleen C},
  journal={Applied Animal Behaviour Science},
  volume={151},
  pages={75--83},
  year={2014},
  publisher={Elsevier}
}

@article{bollen2008,
  title={Behavioral evaluation and demographic information in the assessment of aggressiveness in shelter dogs},
  author={Bollen, Kelley S and Horowitz, Joseph},
  journal={Applied Animal Behaviour Science},
  volume={112},
  number={1-2},
  pages={120--135},
  year={2008},
  publisher={Elsevier}
}

@article{christensen2007,
  title={Aggressive behavior in adopted dogs that passed a temperament test},
  author={Christensen, E'Lise and Scarlett, Janet and Campagna, Michael and Houpt, Katherine Albro and others},
  journal={Applied Animal Behaviour Science},
  volume={106},
  number={1-3},
  pages={85--95},
  year={2007},
  publisher={Elsevier}
}

@inproceedings{mornement2009,
  title={Reliability, validity and feasibility of existing tests of canine behaviour},
  author={Mornement, Kate and Toukhsati, Samia and Coleman, Grahame and Bennett, Pauleen},
  booktitle={AIAM Annual Conference on Urban Animal Management, Proceedings},
  pages={11--18},
  year={2009}
}

@article{marder2013,
  title={Food-related aggression in shelter dogs: A comparison of behavior identified by a behavior evaluation in the shelter and owner reports after adoption},
  author={Marder, Amy R and Shabelansky, Anastasia and Patronek, Gary J and Dowling-Guyer, Seana and D’Arpino, Sheila Segurson},
  journal={Applied animal behaviour science},
  volume={148},
  number={1-2},
  pages={150--156},
  year={2013},
  publisher={Elsevier}
}

@article{marston2003,
  title={Reforging the bond—towards successful canine adoption},
  author={Marston, Linda C and Bennett, Pauleen C},
  journal={Applied Animal Behaviour Science},
  volume={83},
  number={3},
  pages={227--245},
  year={2003},
  publisher={Elsevier}
}

@article{vanderborg1991,
  title={Behavioural testing of dogs in animal shelters to predict problem behaviour},
  author={van der Borg, Joanne AM and Netto, Willem J and Planta, Doreen JU},
  journal={Applied Animal Behaviour Science},
  volume={32},
  number={2-3},
  pages={237--251},
  year={1991},
  publisher={Elsevier}
}

@article{mornement2015,
  title={Evaluation of the predictive validity of the Behavioural Assessment for Re-homing K9's (BARK) protocol and owner satisfaction with adopted dogs},
  author={Mornement, Kate M and Coleman, Grahame J and Toukhsati, Samia R and Bennett, Pauleen C},
  journal={Applied Animal Behaviour Science},
  volume={167},
  pages={35--42},
  year={2015},
  publisher={Elsevier}
}

@article{stephen2006,
  title={A longitudinal evaluation of urinary cortisol in kennelled dogs, Canis familiaris},
  author={Stephen, Jacqueline M and Ledger, Rebecca A},
  journal={Physiology \& Behavior},
  volume={87},
  number={5},
  pages={911--916},
  year={2006},
  publisher={Elsevier}
}

@article{protopopova2016,
  title={Effects of sheltering on physiology, immune function, behavior, and the welfare of dogs},
  author={Protopopova, Alexandra},
  journal={Physiology \& Behavior},
  volume={159},
  pages={95--103},
  year={2016},
  publisher={Elsevier}
}

@article{bennett2012,
  title={Investigating behavior assessment instruments to predict aggression in dogs},
  author={Bennett, Sara L and Litster, Annette and Weng, Hsin-Yi and Walker, Sheryl L and Luescher, Andrew U},
  journal={Applied Animal Behaviour Science},
  volume={141},
  number={3-4},
  pages={139--148},
  year={2012},
  publisher={Elsevier}
}

@article{valsecchi2011,
  title={Temperament test for re-homed dogs validated through direct behavioral observation in shelter and home environment},
  author={Valsecchi, Paola and Barnard, Shanis and Stefanini, Cinzia and Normando, Simona},
  journal={Journal of Veterinary Behavior},
  volume={6},
  number={3},
  pages={161--177},
  year={2011},
  publisher={Elsevier}
}

@article{poulsen2010,
  title={An evaluation of a behaviour assessment to determine the suitability of shelter dogs for rehoming},
  author={Poulsen, AH and Lisle, AT and Phillips, CJC},
  journal={Veterinary medicine international},
  volume={2010},
  year={2010},
  publisher={Hindawi}
}

@article{patronek2019,
  title={What is the evidence for reliability and validity of behavior evaluations for shelter dogs? A prequel to “No better than flipping a coin”},
  author={Patronek, Gary J and Bradley, Janis and Arps, Elizabeth},
  journal={Journal of Veterinary Behavior},
  year={2019},
  publisher={Elsevier}
}

@article{rayment2015,
  title={Applied personality assessment in domestic dogs: Limitations and caveats},
  author={Rayment, Diana J and De Groef, Bert and Peters, Richard A and Marston, Linda C},
  journal={Applied Animal Behaviour Science},
  volume={163},
  pages={1--18},
  year={2015},
  publisher={Elsevier}
}

@article{patbrad2016,
  title={No better than flipping a coin: Reconsidering canine behavior evaluations in animal shelters},
  author={Patronek, Gary J and Bradley, Janis},
  journal={Journal of Veterinary Behavior},
  volume={15},
  pages={66--77},
  year={2016},
  publisher={Elsevier}
}

@article{mornement2010,
  title={A review of behavioral assessment protocols used by Australian animal shelters to determine the adoption suitability of dogs},
  author={Mornement, Kate M and Coleman, Grahame J and Toukhsati, Samia and Bennett, Pauleen C},
  journal={Journal of Applied Animal Welfare Science},
  volume={13},
  number={4},
  pages={314--329},
  year={2010},
  publisher={Taylor \& Francis}
}

@article{mornement2015,
  title={Evaluation of the predictive validity of the Behavioural Assessment for Re-homing K9's (BARK) protocol and owner satisfaction with adopted dogs},
  author={Mornement, Kate M and Coleman, Grahame J and Toukhsati, Samia R and Bennett, Pauleen C},
  journal={Applied Animal Behaviour Science},
  volume={167},
  pages={35--42},
  year={2015},
  publisher={Elsevier}
}

@article{taylor2006,
  title={The development and assessment of temperament tests for adult companion dogs},
  author={Taylor, Katy D and Mills, Daniel S},
  journal={Journal of Veterinary Behavior},
  volume={1},
  number={3},
  pages={94--108},
  year={2006},
  publisher={Elsevier}
}


@article{reale2007,
  title={Integrating animal temperament within ecology and evolution},
  author={R{\'e}ale, Denis and Reader, Simon M and Sol, Daniel and McDougall, Peter T and Dingemanse, Niels J},
  journal={Biological reviews},
  volume={82},
  number={2},
  pages={291--318},
  year={2007},
  publisher={Wiley Online Library}
}

@article{bell2009,
  title={The repeatability of behaviour: a meta-analysis},
  author={Bell, Alison M and Hankison, Shala J and Laskowski, Kate L},
  journal={Animal behaviour},
  volume={77},
  number={4},
  pages={771--783},
  year={2009},
  publisher={Elsevier}
}

@article{dingemanse2010,
  title={Behavioural reaction norms: animal personality meets individual plasticity},
  author={Dingemanse, Niels J and Kazem, Anahita JN and R{\'e}ale, Denis and Wright, Jonathan},
  journal={Trends in ecology \& evolution},
  volume={25},
  number={2},
  pages={81--89},
  year={2010},
  publisher={Elsevier}
}

@article{mohangibbons2012,
  title={Preliminary investigation of food guarding behavior in shelter dogs in the United States},
  author={Mohan-Gibbons, Heather and Weiss, Emily and Slater, Margaret},
  journal={Animals},
  volume={2},
  number={3},
  pages={331--346},
  year={2012},
  publisher={Molecular Diversity Preservation International}
}

@article{mohangibbons2014,
  title={Evaluation of a novel dog adoption program in two US communities},
  author={Mohan-Gibbons, Heather and Weiss, Emily and Garrison, Laurie and Allison, Meg},
  journal={PloS one},
  volume={9},
  number={3},
  year={2014},
  publisher={Public Library of Science}
}

@article{mohangibbons2018,
  title={The impact of excluding food guarding from a standardized behavioral canine assessment in animal shelters},
  author={Mohan-Gibbons, Heather and Dolan, Emily D and Reid, Pamela and Slater, Margaret R and Mulligan, Hugh and Weiss, Emily},
  journal={Animals},
  volume={8},
  number={2},
  pages={27},
  year={2018},
  publisher={Multidisciplinary Digital Publishing Institute}
}

@article{mcelreath2014,
  title={Using multilevel models to estimate variation in foraging returns},
  author={McElreath, Richard and Koster, Jeremy},
  journal={Human nature},
  volume={25},
  number={1},
  pages={100--120},
  year={2014},
  publisher={Springer}
}

@book{gelman2007,
  title={Data analysis using regression and multilevelhierarchical models},
  author={Gelman, Andrew and Hill, Jennifer},
  volume={1},
  year={2007},
  publisher={Cambridge University Press New York, NY, USA}
}

@article{gates2018,
  title={Post-adoption problem behaviours in adolescent and adult dogs rehomed through a New Zealand animal shelter},
  author={Gates, M Carolyn and Zito, Sarah and Thomas, Julia and Dale, Arnja},
  journal={Animals},
  volume={8},
  number={6},
  pages={93},
  year={2018},
  publisher={Multidisciplinary Digital Publishing Institute}
}

@article{clay2020,
  title={In Defense of Canine Behavioral Assessments in Shelters: Outlining Their Positive Applications},
  author={Clay, Liam and Paterson, Mandy and Bennett, Pauleen and Perry, Gaille and Rohlf, Vanessa and Phillips, Clive JC},
  journal={Journal of Veterinary Behavior},
  year={2020},
  publisher={Elsevier}
}

@book{mcelreath2020,
  title={Statistical rethinking: A Bayesian course with examples in R and Stan},
  author={McElreath, Richard},
  year={2020},
  publisher={CRC press}
}
